@misc{wiki-leberkuehn-krypten,
	author		= "Wikipedia",
	year		= "2014",
	title		= "Lieberkuehnhn-Krypten",
	howpublished	= "\url{http://de.wikipedia.org/wiki/Lieberk\%C3\%BChn-Krypten}",
	note		= "Online; abgerufen am 22. MÃ¤rz 2015"
}
